######################################################################Knowledge base construction ######
#Generico
@inproceedings{Ji2011KnowledgeBP,
  title={Knowledge Base Population: Successful Approaches and Challenges},
  author={Heng Ji and Ralph Grishman},
  booktitle={ACL},
  year={2011}
}

#strutturati
@inproceedings{Suchanek2007YagoAC,
  title={Yago: a core of semantic knowledge},
  author={Fabian M. Suchanek and Gjergji Kasneci and Gerhard Weikum},
  booktitle={WWW},
  year={2007}
}

@article{Lehmann2015DBpediaA,
  title={DBpedia - A large-scale, multilingual knowledge base extracted from Wikipedia},
  author={Jens Lehmann and Robert Isele and Max Jakob and Anja Jentzsch and Dimitris Kontokostas and Pablo N. Mendes and Sebastian Hellmann and Mohamed Morsey and Patrick van Kleef and S{\"o}ren Auer and Christian Bizer},
  journal={Semantic Web},
  year={2015},
  volume={6},
  pages={167-195}
}

#information extraction
@inproceedings{Grishman2012InformationEC,
  title={Information Extraction: Capabilities and Challenges},
  author={Ralph Grishman},
  year={2012}
}

@inproceedings{Etzioni2004WebscaleIE,
  title={Web-scale information extraction in knowitall: (preliminary results)},
  author={Oren Etzioni and Michael J. Cafarella and Doug Downey and Stanley Kok and Ana-Maria Popescu and Tal Shaked and Stephen Soderland and Daniel S. Weld and Alexander Yates},
  booktitle={WWW},
  year={2004}
}

@inproceedings{Nguyen2011EndtoEndRE,
  title={End-to-End Relation Extraction Using Distant Supervision from External Semantic Repositories},
  author={Truc-Vien T. Nguyen and Alessandro Moschitti},
  booktitle={ACL},
  year={2011}
}

@inproceedings{Mintz2009DistantSF,
  title={Distant supervision for relation extraction without labeled data},
  author={Mike Mintz and Steven Bills and Rion Snow and Daniel Jurafsky},
  booktitle={ACL/IJCNLP},
  year={2009}
}

@article{Craven1999ConstructingBK,
  title={Constructing Biological Knowledge Bases by Extracting Information from Text Sources},
  author={Mark Craven and Johan Kumlien},
  journal={Proceedings. International Conference on Intelligent Systems for Molecular Biology},
  year={1999},
  pages={77-86}
}

@inproceedings{Exner2012EntityEF,
  title={Entity Extraction: From Unstructured Text to DBpedia RDF Triples},
  author={Peter Exner and Pierre Nugues},
  year={2012}
}

@inproceedings{Aprosio2013ExtendingTC,
  title={Extending the Coverage of DBpedia Properties using Distant Supervision over Wikipedia},
  author={Alessio Palmero Aprosio and Claudio Giuliano and Alberto Lavelli},
  booktitle={NLP-DBPEDIA@ISWC},
  year={2013}
}

@inproceedings{Soderland2013OpenIE,
  title={Open Information Extraction to KBP Relations in 3 Hours},
  author={Stephen Soderland and John Gilmer and Robert Bart and Oren Etzioni and Daniel S. Weld},
  booktitle={TAC},
  year={2013}
}

@inproceedings{Roth2015EffectiveDS,
  title={Effective distant supervision for end-to-end knowledge base population systems},
  author={Benjamin Roth},
  year={2015}
}

@inproceedings{Cannaviccio2016AccurateFH,
  title={Accurate fact harvesting from natural language text in wikipedia with Lector},
  author={Matteo Cannaviccio and Denilson Barbosa and Paolo Merialdo},
  booktitle={WebDB},
  year={2016}
}

@inproceedings{Palomares2016WikipediaKG,
  title={Wikipedia Knowledge Graph with DeepDive},
  author={Thomas Palomares and Youssef Ahres and Juhana Kangaspunta and Claudia Ernestina Re},
  booktitle={Wiki@ICWSM},
  year={2016}
}

@inproceedings{Niu2012DeepDiveWK,
  title={DeepDive: Web-scale Knowledge-base Construction using Statistical Learning and Inference},
  author={Feng Niu and Ce Zhang and Christopher R{\'e} and Jude W. Shavlik},
  booktitle={VLDS},
  year={2012}
}

@phdthesis{FossatiKBP,
  title={Automatic Population of Structured Knowledge Bases via Natural Language Processing},
  author={Marco Fossati},
  year={2017}
}

@inproceedings{Surdeanu2013OverviewOT,
  title={Overview of the TAC2013 Knowledge Base Population Evaluation: English Slot Filling and Temporal Slot Filling},
  author={Mihai Surdeanu},
  booktitle={TAC},
  year={2013}
}

@inproceedings{Angeli2014Stanfords2S,
  title={Stanfordâ€™s 2014 Slot Filling Systems},
  author={Gabor Angeli and Sonal Gupta and M. C. San Jos{\'e} and Christopher D. Manning and Claudia Ernestina Re and Julie Tibshirani and Jean Y. Wu and Sen Wu and Ce Zhang},
  year={2014}
}

@inproceedings{Angeli2014CombiningDA,
  title={Combining Distant and Partial Supervision for Relation Extraction},
  author={Gabor Angeli and Julie Tibshirani and Jean Wu and Christopher D. Manning},
  booktitle={EMNLP},
  year={2014}
}

@article{Wu2017FonduerKB,
  title={Fonduer: Knowledge Base Construction from Richly Formatted Data},
  author={Sen Wu and Luke Hsiao and Xiao Cheng and Braden Hancock and Theodoros Rekatsinas and Philip Levis and Claudia Ernestina Re},
  journal={CoRR},
  year={2017},
  volume={abs/1703.05028}
}

@inproceedings{Ratner2017SnorkelFT,
  title={Snorkel: Fast Training Set Generation for Information Extraction},
  author={Alexander J. Ratner and Stephen H. Bach and Henry R. Ehrenberg and Claudia Ernestina Re},
  booktitle={SIGMOD Conference},
  year={2017}
}

##################################################################Data Programming
@inproceedings{Ratner2016DataPC,
  title={Data Programming: Creating Large Training Sets, Quickly},
  author={Alexander Ratner and Christopher De Sa and Sen Wu and Daniel Selsam and Claudia Ernestina Re},
  booktitle={NIPS},
  year={2016}
}

@inproceedings{Ehrenberg2016DataPW,
  title={Data programming with DDLite: putting humans in a different part of the loop},
  author={Henry R. Ehrenberg and Jaeho Shin and Alexander J. Ratner and Jason A. Fries and Claudia Ernestina Re},
  booktitle={HILDA@SIGMOD},
  year={2016}
}

@inproceedings{Bach2017LearningTS,
  title={Learning the Structure of Generative Models without Labeled Data},
  author={Stephen H. Bach and Bryan Dawei He and Alexander Ratner and Claudia Ernestina Re},
  booktitle={ICML},
  year={2017}
}

##############################################################
NLP parser analysis

@inproceedings{Choi2015ItDD,
  title={It Depends: Dependency Parser Comparison Using A Web-based Evaluation Tool},
  author={Jinho D. Choi and Joel R. Tetreault and Amanda Stent},
  booktitle={ACL},
  year={2015}
}
##############################################################Linked Data
@article{10.2307/26059207,
 ISSN = {00368733, 19467087},
 URL = {http://www.jstor.org/stable/26059207},
 author = {TIM BERNERS-LEE and JAMES HENDLER and ORA LASSILA},
 journal = {Scientific American},
 number = {5},
 pages = {34-43},
 publisher = {Scientific American, a division of Nature America, Inc.},
 title = {THE SEMANTIC WEB},
 volume = {284},
 year = {2001}
}

@inproceedings{BernersLee2006TabulatorEA,
  title={Tabulator: Exploring and Analyzing linked data on the Semantic Web},
  author={Tim Berners-Lee and Yuhsin Chen and Lydia B. Chilton and Dan Connolly and Ruth Dhanaraj and James W. Hollenbach and Adam Lerer and David Sheets},
  year={2006}
}

@article{Bizer2009LinkedD,
  title={Linked Data - The Story So Far},
  author={Christian Bizer and Tom Heath and Tim Berners-Lee},
  journal={Int. J. Semantic Web Inf. Syst.},
  year={2009},
  volume={5},
  pages={1-22}
}


@online{semantic_web_w3c,
  author = {W3C},
  title = {Semantic web},
  year = {2006},
  url = {https://www.w3.org/standards/semanticweb/},
  urldate = {2018-03-01}
}

@online{semantic_web,
  author = {W3C},
  title = {Semantic web},
  year = {2006},
  url = {https://www-sop.inria.fr/acacia/cours/essi2006/Scientific%20American_%20Feature%20Article_%20The%20Semantic%20Web_%20May%202001.pdf},
  urldate = {2018-03-01}
}

@online{5_star_open_data,
  author = {Tim Berners-Lee},
  title = {Linked Data},
  year = {2006},
  url = {https://www.w3.org/DesignIssues/LinkedData.html},
  urldate = {2018-03-01}
}

@online{okfn,
  author = {OKFN},
  title = {Open Knowledge Foundation},
  year = {2004},
  url = {https://okfn.org/opendata/},
  urldate = {2018-03-01}
}

@online{w3c_owl,
  author = {W3C},
  title = {VOCABULARIES},
  year = {},
  url = {https://www.w3.org/standards/semanticweb/ontology},
  urldate = {2018-03-01}
}


@online{rdf_overview,
  author = {W3C},
  title = {RDF - Concepts and Abstract Syntax},
  year = {2004},
  url = {https://www.w3.org/TR/rdf-concepts/#section-motivation},
  urldate = {2018-03-01}
}

@online{sparql_overview,
  author = {W3C},
  title = {SPARQL 1.1 Overview},
  year = {2013},
  url = {https://www.w3.org/TR/sparql11-overview/},
  urldate = {2018-03-01}
}

@online{open_data_handbook,
  author = {OKFN},
  title = {OPEN DATA HANDBOOK},
  year = {},
  url = {http://opendatahandbook.org/},
  urldate = {2018-03-01}
}

@online{ODMC,
  author = {Present},
  title = {Open Data Management Cycle},
  year = {2013},
  url = {http://odmc.org/B2PRE-ODMC-ModelloApertoOpenData-PUB-v_1.1.pdf},
  urldate = {2018-03-01}
}

@online{datiumbria,
  author = {Regione Umbria},
  title = {Dati Umbria},
  year = {2014},
  url = {http://dati.umbria.it/},
  urldate = {2018-03-01}
}

@online{ckan_agid,
  author = {AGID},
  title = {CKAN per Dati.gov.it},
  year = {2014},
  url = {https://www.dati.gov.it/content/ckan-datigovit},
  urldate = {2018-03-01}
}

@online{unifiedviews,
  author = {Charles University, Prague },
  title = {UNIFIEDVIEWS - DATA INTEGRATION AND LINKED DATA WAREHOUSING},
  year = {2013},
  url = {https://unifiedviews.eu/},
  urldate = {2018-03-01}
}


@online{virtuoso,
  author = {OpenLinkSW},
  title = {Virtuoso},
  year = {2013},
  url = https://virtuoso.openlinksw.com/dataspace/doc/dav/wiki/Main/VirtGraphUpdateProtocol},
  urldate = {2018-03-01}
}

@online{DBpedia_TextExt,
  author = {DBpedia},
  title = {DBpedia TextExt},
  year = {2016},
  url = {http://wiki.dbpedia.org/textext},
  urldate = {2018-03-01}
}

@online{CKAN,
  author = {CKAN Association},
  title = {CKAN},
  year = {2014},
  url = {https://ckan.org/},
  urldate = {2018-03-01}
}

##########################SPARQL
@online{SPARQL_QUERY_LANGUAGE,
  author = {W3C},
  title = {SPARQL 1.1 Query Language},
  year = {2013},
  url = {http://www.w3.org/TR/sparql11-query/},
  urldate = {2018-03-01}
}

@online{SPARQL_UPDATE_LANGUAGE,
  author = {W3C},
  title = {SPARQL 1.1 Query Language},
  year = {2013},
  url = {https://www.w3.org/TR/sparql11-update/},
  urldate = {2018-03-01}
}

@online{SPARQL_PROTOCOL,
  author = {W3C},
  title = {SPARQL 1.1 Protocol},
  year = {2013},
  url = {https://www.w3.org/TR/sparql11-protocol/},
  urldate = {2018-03-01}
}

@online{SPARQL_GRAPH_STORE,
  author = {W3C},
  title = {SPARQL 1.1 Graph Store HTTP Protocol},
  year = {2013},
  url = {http://www.w3.org/TR/sparql11-http-rdf-update/},
  urldate = {2018-03-01}
}

@online{SPARQL_FEDERATED_QUERY,
  author = {W3C},
  title = {SPARQL 1.1 Federated Query},
  year = {2013},
  url = {https://www.w3.org/TR/sparql11-federated-query/},
  urldate = {2018-03-01}
}

@online{RDF_DEFINITION,
  author = {W3C},
  title = {Graph data model},
  year = {2013},
  url = {https://www.w3.org/TR/2004/REC-rdf-concepts-20040210/#section-Graph-syntax},
  urldate = {2018-03-01}
}



###################NER

Spotlight
@inproceedings{isem2013daiber,
  title = {Improving Efficiency and Accuracy in Multilingual Entity Extraction},
  author = {Joachim Daiber and Max Jakob and Chris Hokamp and Pablo N. Mendes},
  year = {2013},
  booktitle = {Proceedings of the 9th International Conference on Semantic Systems (I-Semantics)}
}


#######################################################Ã 
@online{WEB:weak_supervision:2017,
  author = {Hazyresearch},
  title = {Data Programming:Machine Learning with Weak Supervision},
  year = {2017},
  url = {https://hazyresearch.github.io/snorkel/blog/weak_supervision.html},
  urldate = {2018-03-01}
}

@online{WikiExtractor,
  author = {Giuseppe Attardi, UniversitÃ  di Pisa},
  title = {WikiExtractor},
  year = {2017},
  url = {https://github.com/attardi/wikiextractor},
  urldate = {2018-03-01}
}

@online{Spacyfacts,
  author = {Spacy.io},
  title = {Spacy facts},
  year = {2017},
  url = {https://spacy.io/usage/facts-figures},
  urldate = {2018-03-01}
}

############ KBP
@online{TAC,
  author = {NIST},
  title = {TAC},
  year = {2017},
  url = {https://tac.nist.gov/},
  urldate = {2018-03-01}
}
#######FRAMENET, PROPBANK
@online{FrameNet,
  author = {Berkeley International Computer Science Institute},
  title = {FrameNet},
  year = {2017},
  url = {https://framenet.icsi.berkeley.edu/fndrupal/},
  urldate = {2018-03-01}
}

@inproceedings{Kingsbury2002FromTT,
  title={From TreeBank to PropBank},
  author={Paul Kingsbury and Martha Palmer},
  booktitle={LREC},
  year={2002}
}

#docker
@article{Felter2015AnUP,
  title={An updated performance comparison of virtual machines and Linux containers},
  author={Wes Felter and Alexandre Ferreira and Ramakrishnan Rajamony and Juan C. Rubio},
  journal={2015 IEEE International Symposium on Performance Analysis of Systems and Software (ISPASS)},
  year={2015},
  pages={171-172}
}


@online{RDFLib,
  author = {RDFLib Team},
  title = {RDFLib},
  year = {2017},
  url = {https://rdflib.readthedocs.io/en/stable/},
  urldate = {2018-03-01}
}

@online{wikipedia_API,
  author = {Jonathan Goldsmith
},
  title = {Wikipedia},
  year = {2017},
  url = {https://github.com/goldsmith/Wikipedia},
  urldate = {2018-03-01}
}

@online{dbpedia_lookup,
  author = {DBpedia
},
  title = {DBpedia Lookup},
  year = {2017},
  url = {http://wiki.dbpedia.org/projects/dbpedia-lookup},
  urldate = {2018-03-01}
}

@online{textacy,
  author = {Burton DeWilde
},
  title = {TextaCy},
  year = {2017},
  url = {https://github.com/chartbeat-labs/textacy},
  urldate = {2018-03-01}
}


@online{spacy,
  author = {Explosion AI
},
  title = {SpaCy},
  year = {2017},
  url = {https://spacy.io/},
  urldate = {2018-03-01}
}

@online{docker,
  author = {Docker
},
  title = {Docker},
  year = {2017},
  url = {https://www.docker.com/},
  urldate = {2018-03-01}
}

@online{tensorflow,
  author = {TensorFlow
},
  title = {TensorFlow},
  year = {2017},
  url = {https://www.tensorflow.org/},
  urldate = {2018-03-01}
}

@online{sql_alchemy,
  author = {Michael Bayer
},
  title = {SQLAlchemy},
  year = {2017},
  url = {https://www.sqlalchemy.org/},
  urldate = {2018-03-01}
}

@online{postgresql,
  author = {PostgreSQL
},
  title = {PostgreSQL},
  year = {2017},
  url = {https://www.postgresql.org/},
  urldate = {2018-03-01}
}

@online{brat,
  author = {nlpLAB
},
  title = {Brat},
  year = {2017},
  url = {http://brat.nlplab.org/},
  urldate = {2018-03-01}
}

@online{snorkel_spouse_result_lfs,
  author = {Snorkel
},
  title = {Intro. to Snorkel: Extracting Spouse Relations from the News},
  year = {2017},
  url = {https://github.com/HazyResearch/snorkel/blob/master/tutorials/intro/Intro_Tutorial_2.ipynb},
  urldate = {2018-03-01}
}


@article{Shen2015EntityLW,
  title={Entity Linking with a Knowledge Base: Issues, Techniques, and Solutions},
  author={Wei Shen and Jianyong Wang and Jiawei Han},
  journal={IEEE Transactions on Knowledge and Data Engineering},
  year={2015},
  volume={27},
  pages={443-460}
}

@online{spacy_coref,
  author = {Explosion AI
},
  title = {SpaCy Coreference Resolution},
  year = {2017},
  url = {https://github.com/explosion/spaCy/issues/820},
  urldate = {2018-03-01}
}

@article{DBLP:journals/corr/PlankSG16,
  author    = {Barbara Plank and
               Anders S{\o}gaard and
               Yoav Goldberg},
  title     = {Multilingual Part-of-Speech Tagging with Bidirectional Long Short-Term
               Memory Models and Auxiliary Loss},
  journal   = {CoRR},
  volume    = {abs/1604.05529},
  year      = {2016},
  url       = {http://arxiv.org/abs/1604.05529},
  archivePrefix = {arXiv},
  eprint    = {1604.05529},
  timestamp = {Wed, 07 Jun 2017 14:41:07 +0200},
  biburl    = {https://dblp.org/rec/bib/journals/corr/PlankSG16},
  bibsource = {dblp computer science bibliography, https://dblp.org}
}

